<?xml version="1.0" encoding="UTF-8"?><record xmlns="http://www.loc.gov/MARC21/slim" xmlns:cinclude="http://apache.org/cocoon/include/1.0" xmlns:zs="http://www.loc.gov/zing/srw/">
  <leader>00470cz  a2200133n  4500</leader>
  <controlfield tag="001">n  84038837 </controlfield>
  <controlfield tag="003">DLC</controlfield>
  <controlfield tag="005">20100626074726.0</controlfield>
  <controlfield tag="008">840712n| acannaab           |n aaa      </controlfield>
  <datafield tag="010" ind1=" " ind2=" ">
    <subfield code="a">n  84038837 </subfield>
  </datafield>
  <datafield tag="040" ind1=" " ind2=" ">
    <subfield code="a">DLC</subfield>
    <subfield code="c">DLC</subfield>
    <subfield code="d">DLC</subfield>
  </datafield>
  <datafield tag="100" ind1="1" ind2=" ">
    <subfield code="a">Webster, Roy,</subfield>
    <subfield code="d">1913-1994</subfield>
  </datafield>
  <datafield tag="670" ind1=" " ind2=" ">
    <subfield code="a">His Under a buttermilk moon, 1984:</subfield>
    <subfield code="b">CIP t.p. (Roy Webster) data sheet (b. Aug. 7, 1913)</subfield>
  </datafield>
  <datafield tag="670" ind1=" " ind2=" ">
    <subfield code="a">SSDI, June 25, 2010</subfield>
    <subfield code="b">(Webster, Roy; b. Aug. 7, 1913; d. Feb. 23, 1994; last residence: Benton, Ark.)</subfield>
  </datafield>
</record>